@article{diamond2007banks,
  title={Banks and liquidity creation: a simple exposition of the Diamond-Dybvig model},
  author={Diamond, Douglas W},
  journal={FRB Richmond Economic Quarterly},
  volume={93},
  number={2},
  pages={189--200},
  year={2007}
}

@article{andolfatto2007role,
  title={The role of independence in the Green--Lin Diamond--Dybvig model},
  author={Andolfatto, David and Nosal, Ed and Wallace, Neil},
  journal={Journal of Economic Theory},
  volume={137},
  number={1},
  pages={709--715},
  year={2007},
  publisher={Elsevier}
}

@article{kinateder2014sequential,
  title={Sequential decisions in the Diamond--Dybvig banking model},
  author={Kinateder, Markus and Kiss, Hubert J{\'a}nos},
  journal={Journal of Financial Stability},
  volume={15},
  pages={149--160},
  year={2014},
  publisher={Elsevier}
}

@article{nosal2009information,
  title={Information revelation in the Diamond-Dybvig banking model},
  author={Nosal, Ed and Wallace, Neil},
  journal={Federal Reserve Bank of Chicago Policy Discussion Paper Series (December)},
  year={2009}
}


@article{mcculloch1998government,
  title={Government deposit insurance and the Diamond-Dybvig model},
  author={McCulloch, J Huston and Yu, Min-Teh},
  journal={The Geneva Papers on Risk and Insurance Theory},
  volume={23},
  number={2},
  pages={139--149},
  year={1998},
  publisher={Springer}
}

@article{peck2019diamond,
  title={A diamond-dybvig model in which the level of deposits is endogenous},
  author={Peck, James and Setayesh, A},
  journal={Unpublished manuscript},
  year={2019}
}

@article{andolfatto2006moral,
  title={Moral hazard in the Diamond-Dybvig model of banking},
  author={Andolfatto, David and Nosal, Ed},
  year={2006},
  publisher={FRB of Cleveland Working Paper}
}

@article{carmona2004existence,
  title={On the existence of equilibrium bank runs in a Diamond-Dybvig environment},
  author={Carmona, Guilherme},
  year={2004},
  publisher={FEUNL Working Paper}
}


@article{peck2018diamond,
  title={A diamond-dybvig model in which consumers choose how much to deposit},
  author={Peck, James and Valipour, AS},
  year={2018}
}

@article{diamond1983bank,
  title={Bank runs, deposit insurance, and liquidity},
  author={Diamond, Douglas W and Dybvig, Philip H},
  journal={Journal of political economy},
  volume={91},
  number={3},
  pages={401--419},
  year={1983},
  publisher={The University of Chicago Press}
}

@book{white1999theory,
  title={The theory of monetary institutions},
  author={White, Lawrence},
  year={1999},
  publisher={Wiley-Blackwell}
}

@book{galbraith2017money,
  title={Money: Whence it came, where it went},
  author={Galbraith, John Kenneth},
  year={2017},
  publisher={Princeton University Press}
}

@incollection{bookstaber2017end,
  title={The end of theory},
  author={Bookstaber, Richard},
  booktitle={The End of Theory},
  year={2017},
  publisher={Princeton University Press}
}

@article{postlewaite1987bank,
  title={Bank runs as an equilibrium phenomenon},
  author={Postlewaite, Andrew and Vives, Xavier},
  journal={Journal of political Economy},
  volume={95},
  number={3},
  pages={485--491},
  year={1987},
  publisher={The University of Chicago Press}
}

@article{shelldiamond,
  title={The Diamond-Dybvig Revolution: Extensions Based on the Original DD Environment},
  author={Shell, Karl and Zhang, Yu},
  year={2019}
}

@article{ennis2010fundamental,
  title={On the fundamental reasons for bank fragility},
  author={Ennis, Huberto M and Keister, Todd},
  journal={Available at SSRN 2189119},
  year={2010}
}

@article{kinateder2014sequential,
  title={Sequential decisions in the Diamond--Dybvig banking model},
  author={Kinateder, Markus and Kiss, Hubert J{\'a}nos},
  journal={Journal of Financial Stability},
  volume={15},
  pages={149--160},
  year={2014},
  publisher={Elsevier}
}

@article{green2000diamond,
  title={Diamond and Dybvig's classic theory of financial intermediation: what's missing?},
  author={Green, Edward J and Lin, Ping and others},
  journal={Federal Reserve Bank of Minneapolis Quarterly Review},
  volume={24},
  number={1},
  pages={3--13},
  year={2000},
  publisher={Federal Reserve Bank of Minneapolis}
}

@article{peck2003equilibrium,
  title={Equilibrium bank runs},
  author={Peck, James and Shell, Karl},
  journal={Journal of political Economy},
  volume={111},
  number={1},
  pages={103--123},
  year={2003},
  publisher={The University of Chicago Press}
}

@article{smith2014runs,
  title={Runs, panics and bubbles: Diamond--Dybvig and Morris--Shin reconsidered},
  author={Smith, Eric and Shubik, Martin},
  journal={Annals of Finance},
  volume={10},
  number={4},
  pages={603--622},
  year={2014},
  publisher={Springer}
}
